@article{ ip:stringsearching,
  author = {Grau, B. C. and Pitt-Francis, J. and Spivey, M. and Lowe, G.},
  year = {2023},
  title = {Example: string searching},
  journal = {Imperative Programming Parts 1 and 2}    
}

@article{ ip:inv,
  author = {Grau, B. C. and Pitt-Francis, J. and Spivey, M. and Lowe, G.},
  year = {2023},
  title = {Invariants},
  journal = {Imperative Programming Parts 1 and 2}    
}

@article{ ip:binsearch,
  author = {Grau, B. C. and Pitt-Francis, J. and Spivey, M. and Lowe, G.},
  year = {2023},
  title = {Binary Search},
  journal = {Imperative Programming Parts 1 and 2}    
}

@misc{ cpptypes,
    title = {Fundamental types},
    howpublished = {\url{https://en.cppreference.com/w/cpp/language/types}},
    note = {Accessed: 26 May 2023}
}

@misc{ hkoi:hs2022,
    title = {Hong Kong Olympiad in Informatics Heat Event Senior Group 2022 Paper},
    howpublished = {\url{https://assets.hkoi.org/ref/2022hs.pdf}},
    note = {Accessed: 26 May 2023}
}
